<?xml version="1.0" encoding="UTF-8"?><record xmlns="http://www.loc.gov/MARC21/slim" xmlns:cinclude="http://apache.org/cocoon/include/1.0" xmlns:zs="http://www.loc.gov/zing/srw/">
  <leader>01957cz  a2200265n  4500</leader>
  <controlfield tag="001">no 93012101 </controlfield>
  <controlfield tag="003">DLC</controlfield>
  <controlfield tag="005">20150108073905.0</controlfield>
  <controlfield tag="008">930428n| azannaabn          |a ana      </controlfield>
  <datafield tag="010" ind1=" " ind2=" ">
    <subfield code="a">no 93012101 </subfield>
    <subfield code="z">nr 90009292 </subfield>
  </datafield>
  <datafield tag="035" ind1=" " ind2=" ">
    <subfield code="a">(OCoLC)oca03372964</subfield>
  </datafield>
  <datafield tag="040" ind1=" " ind2=" ">
    <subfield code="a">DLC-S</subfield>
    <subfield code="b">eng</subfield>
    <subfield code="e">rda</subfield>
    <subfield code="c">DLC-S</subfield>
    <subfield code="d">DLC</subfield>
    <subfield code="d">NIC</subfield>
    <subfield code="d">Uk</subfield>
    <subfield code="d">DLC</subfield>
    <subfield code="d">MH</subfield>
  </datafield>
  <datafield tag="046" ind1=" " ind2=" ">
    <subfield code="t">20130912</subfield>
  </datafield>
  <datafield tag="110" ind1="1" ind2=" ">
    <subfield code="a">Philippines.</subfield>
    <subfield code="b">Bureau of Agricultural Statistics</subfield>
  </datafield>
  <datafield tag="410" ind1="2" ind2=" ">
    <subfield code="a">BAS (Philippines. Bureau of Agricultural Statistics)</subfield>
  </datafield>
  <datafield tag="410" ind1="1" ind2=" ">
    <subfield code="a">Philippines.</subfield>
    <subfield code="b">Agricultural Statistics, Bureau of</subfield>
  </datafield>
  <datafield tag="410" ind1="1" ind2=" ">
    <subfield code="a">Philippines.</subfield>
    <subfield code="b">Department of Agriculture.</subfield>
    <subfield code="b">Bureau of Agricultural Statistics</subfield>
  </datafield>
  <datafield tag="410" ind1="1" ind2=" ">
    <subfield code="a">Philippines.</subfield>
    <subfield code="b">Kawanihan ng Estadistikang Pangsakahan</subfield>
  </datafield>
  <datafield tag="510" ind1="1" ind2=" ">
    <subfield code="w">a</subfield>
    <subfield code="a">Philippines.</subfield>
    <subfield code="b">Bureau of Agricultural Economics</subfield>
  </datafield>
  <datafield tag="510" ind1="1" ind2=" ">
    <subfield code="w">r</subfield>
    <subfield code="i">Hierarchical superior:</subfield>
    <subfield code="a">Philippines.</subfield>
    <subfield code="b">Department of Agriculture</subfield>
  </datafield>
  <datafield tag="510" ind1="2" ind2=" ">
    <subfield code="w">r</subfield>
    <subfield code="i">Successor:</subfield>
    <subfield code="a">Philippine Statistics Authority</subfield>
  </datafield>
  <datafield tag="670" ind1=" " ind2=" ">
    <subfield code="a">Its Annual report, 1990:</subfield>
    <subfield code="b">p. i (Bureau of Agricultural Statistics, BAS, Quezon City) p. 1 (Bureau of Agricultural Statistics, statistical agency, Department of Agriculture)</subfield>
  </datafield>
  <datafield tag="670" ind1=" " ind2=" ">
    <subfield code="a">Marketing facilities and infrastructure series, 1987-1989:</subfield>
    <subfield code="b">v. 1, cover (Republika ng Pilipinas, Kagawaran ng Pagsasaka, Kawanihan ng Estadistikang Pangsakahan; Bureau of Agricultural Statistics)</subfield>
  </datafield>
  <datafield tag="675" ind1=" " ind2=" ">
    <subfield code="a">Agricultural commodity distribution system, [1989?] : forward (... the former Bureau of Agricultural Economics ... and now the Bureau of Agricultural Statistics)</subfield>
  </datafield>
  <datafield tag="670" ind1=" " ind2=" ">
    <subfield code="a">Philippine Statistics Authority website, viewed January 7, 2015:</subfield>
    <subfield code="b">press release dated September 12, 2014 (PSA celebrates first anniversary: the Philippine Statistics Act of 2013 was signed into law by President Benigno S. Aquino III on September 12, 2013. The Act created the PSA which merged the former National Statistics Office, National Statistical Coordination Board, Bureau of Agricultural Statistics and Bureau of Labor and Employment Statistics into one organization.)</subfield>
  </datafield>
</record>